@article{dolton_longrun_2002,
	title = {The Long‐Run Effects of Unemployment Monitoring and Work‐Search Programs: Experimental Evidence from the United Kingdom},
	volume = {20},
	issn = {0734-306X, 1537-5307},
	url = {https://www.journals.uchicago.edu/doi/10.1086/338686},
	doi = {10.1086/338686},
	shorttitle = {The Long‐Run Effects of Unemployment Monitoring and Work‐Search Programs},
	pages = {381--403},
	number = {2},
	journaltitle = {Journal of Labor Economics},
	shortjournal = {Journal of Labor Economics},
	author = {Dolton, Peter and O'Neill, Donal},
	urldate = {2019-04-29},
	date = {2002-04},
	langid = {english},
}

@article{ackerman_i_2007,
	title = {I Can Start That {JME} Manuscript Next Week, Can't I? The Task Characteristics Behind Why Faculty Procrastinate},
	volume = {29},
	issn = {0273-4753, 1552-6550},
	url = {http://journals.sagepub.com/doi/10.1177/0273475307302012},
	doi = {10.1177/0273475307302012},
	shorttitle = {I Can Start That \textit{{JME}} Manuscript Next Week, Can't I?},
	pages = {97--110},
	number = {2},
	journaltitle = {Journal of Marketing Education},
	shortjournal = {Journal of Marketing Education},
	author = {Ackerman, David S. and Gross, Barbara L.},
	urldate = {2019-04-29},
	date = {2007-08},
	langid = {english}
}

@article{fischer_can_2010,
	title = {Can Institutional Networks Mitigate Labor Market Disadvantages? Evidence from College Summer Job Searches*: Can Institutional Networks Mitigate Labor Market Disadvantages?},
	volume = {91},
	issn = {00384941},
	url = {http://doi.wiley.com/10.1111/j.1540-6237.2010.00731.x},
	doi = {10.1111/j.1540-6237.2010.00731.x},
	shorttitle = {Can Institutional Networks Mitigate Labor Market Disadvantages?},
	pages = {1264--1287},
	number = {5},
	journaltitle = {Social Science Quarterly},
	author = {Fischer, Mary J.},
	urldate = {2019-04-29},
	date = {2010-12},
	langid = {english}
}